%% This BibTeX bibliography file was created using BibDesk.
%% https://bibdesk.sourceforge.io/

%% Created for deema alomair at 2019-10-05 16:26:56 -0400 


%% Saved with string encoding Unicode (UTF-8) 



@url{molecule,
	Date-Added = {2019-10-05 16:26:14 -0400},
	Date-Modified = {2019-10-05 16:26:28 -0400},
	Title = {https://www.thoughtco.com/what-is-a-molecule-definition-examples-608506}}

@url{balance,
	Date-Added = {2019-09-30 22:37:21 +0000},
	Date-Modified = {2019-09-30 22:37:39 +0000},
	Title = {https://study.com/academy/lesson/balanced-chemical-equation-definition-examples.html}}

@conference{Parnas:Clements:1986,
	Address = {Berlin, Heidelberg},
	Author = {Parnas, David L. and Clements, Paul C},
	Booktitle = {IEEE Transactions on Software Engineering 12.2},
	Date-Added = {2019-09-30 16:10:33 +0000},
	Date-Modified = {2019-09-30 16:18:56 +0000},
	Month = {February},
	Pages = {251--257.},
	Publisher = {Springer Berlin Heidelberg},
	Title = {rational design process: How and why to fake it},
	Year = {1986}}

@url{Coefficients,
	Date-Added = {2019-09-30 16:07:05 +0000},
	Date-Modified = {2019-10-02 02:16:52 +0000},
	Title = {https://www.chemteam.info/Equations/Meaning-of-Equation.html}}

@url{Mole_mass/Mole_ratio_mole,
	Date-Added = {2019-09-30 01:42:11 +0000},
	Date-Modified = {2019-09-30 01:50:11 +0000},
	Title = {https://www.khanacademy.org/science/chemistry/chemical-reactions-stoichiome/stoichiometry-ideal/a/stoichiometry}}

@url{Mass_mole,
	Date-Added = {2019-09-30 01:41:51 +0000},
	Date-Modified = {2019-09-30 01:42:08 +0000},
	Title = {https://www.britannica.com/science/mole-chemistry.}}

@url{Mole_ratio,
	Date-Added = {2019-09-30 01:41:39 +0000},
	Date-Modified = {2019-09-30 01:41:50 +0000},
	Title = {https://www.thoughtco.com/definition-of-mole-ratio-and-examples-605365.}}

@url{Molecular_weight,
	Date-Added = {2019-09-30 01:41:01 +0000},
	Date-Modified = {2019-09-30 01:41:33 +0000},
	Title = {https://www.thoughtco.com/definition-of-molecular-weight-605369.}}

@url{mass_law,
	Date-Added = {2019-09-30 01:39:56 +0000},
	Date-Modified = {2019-09-30 01:47:53 +0000},
	Title = {https://courses.lumenlearning.com/introchem/chapter/the-law-of-conservation-of-mass/}}
